@article{Purcell:1473657,
      author        = "Andrew Purcell",
      title         = "{Go on a particle quest at the first CERN webfest}",
      journal       = "CERN Bulletin",
      number        = "BUL-NA-2012-269. 35/2012",
      volume        = "35",
      pages         = "10",
      month         = "Aug",
      year          = "2012",
      reportNumber  = "BUL-NA-2012-269",
      url           = "https://cds.cern.ch/record/1473657",
}

@book{Peskin,
      author        = "Michael E. Peskin and Daniel V. Schroeder",
      title         = "{An Introduction to Quantum Field Theory}",
      publisher     = "Westview Press",
      year          = "1995",
}

@book{Schwartz,
      author        = "Matthew D. Schwartz",
      title         = "{Quantum Field Theory and the Standard Model}",
      publisher     = "Cambridge University Press",
      year          = "2014",
}

@article{EWKGLASHOW,
title = "Partial-symmetries of weak interactions",
journal = "Nuclear Physics",
volume = "22",
number = "4",
pages = "579 - 588",
year = "1961",
issn = "0029-5582",
doi = "https://doi.org/10.1016/0029-5582(61)90469-2",
url = "http://www.sciencedirect.com/science/article/pii/0029558261904692",
author = "Sheldon L. Glashow"
}

@article{EWKSALAM,
      author         = "Salam, Abdus",
      title          = "{Weak and Electromagnetic Interactions}",
      booktitle      = "{8th Nobel Symposium Lerum, Sweden, May 19-25, 1968}",
      journal        = "Conf. Proc.",
      volume         = "C680519",
      year           = "1968",
      pages          = "367-377",
      SLACcitation   = "%%CITATION = CONFP,C680519,367;%%"
}

@article{EWKWEINBERG,
  title = {A Model of Leptons},
  author = {Weinberg, Steven},
  journal = {Phys. Rev. Lett.},
  volume = {19},
  issue = {21},
  pages = {1264--1266},
  numpages = {0},
  year = {1967},
  month = {Nov},
  publisher = {American Physical Society},
  doi = {10.1103/PhysRevLett.19.1264},
  url = {https://link.aps.org/doi/10.1103/PhysRevLett.19.1264}
}

@article{HIGGSBE,
  title = {Broken Symmetry and the Mass of Gauge Vector Mesons},
  author = {Englert, F. and Brout, R.},
  journal = {Phys. Rev. Lett.},
  volume = {13},
  issue = {9},
  pages = {321--323},
  numpages = {0},
  year = {1964},
  month = {Aug},
  publisher = {American Physical Society},
  doi = {10.1103/PhysRevLett.13.321},
  url = {https://link.aps.org/doi/10.1103/PhysRevLett.13.321}
}

@article{HIGGSH,
  title = {Broken Symmetries and the Masses of Gauge Bosons},
  author = {Higgs, Peter W.},
  journal = {Phys. Rev. Lett.},
  volume = {13},
  issue = {16},
  pages = {508--509},
  numpages = {0},
  year = {1964},
  month = {Oct},
  publisher = {American Physical Society},
  doi = {10.1103/PhysRevLett.13.508},
  url = {https://link.aps.org/doi/10.1103/PhysRevLett.13.508}
}

@article{HIGGSGHK,
  title = {Global Conservation Laws and Massless Particles},
  author = {Guralnik, G. S. and Hagen, C. R. and Kibble, T. W. B.},
  journal = {Phys. Rev. Lett.},
  volume = {13},
  issue = {20},
  pages = {585--587},
  numpages = {0},
  year = {1964},
  month = {Nov},
  publisher = {American Physical Society},
  doi = {10.1103/PhysRevLett.13.585},
  url = {https://link.aps.org/doi/10.1103/PhysRevLett.13.585}
}

@inproceedings{deBoer:2013pud,
      author         = "de Boer, Wim",
      title          = "{The Discovery of the Higgs Boson with the CMS Detector
                        and its Implications for Supersymmetry and Cosmology}",
      booktitle      = "{Time and Matter 2013 (TAM2013) Venice, Italy}",
      collaboration  = "CMS",
      year           = "2013",
      eprint         = "1309.0721",
      archivePrefix  = "arXiv",
      primaryClass   = "hep-ph",
      SLACcitation   = "%%CITATION = ARXIV:1309.0721;%%"
}

@article{PDG2018,
  title = {Review of Particle Physics},
  author = {Tanabashi, M. and others},
  collaboration = {Particle Data Group},
  journal = {Phys. Rev. D},
  volume = {98},
  issue = {3},
  pages = {030001},
  numpages = {1898},
  year = {2018},
  month = {Aug},
  publisher = {American Physical Society},
  doi = {10.1103/PhysRevD.98.030001},
  url = {https://link.aps.org/doi/10.1103/PhysRevD.98.030001}
}

@Article{Goldstone,
author="Goldstone, J.",
title="Field theories with Â« Superconductor Â» solutions",
journal="Il Nuovo Cimento (1955-1965)",
year="1961",
month="Jan",
day="01",
volume="19",
number="1",
pages="154--164",
abstract="The conditions for the existence of non-perturbative type Â« superconductor Â» solutions of field theories are examined. A non-covariant canonical transformation method is used to find such solutions for a theory of a fermion interacting with a pseudoscalar boson. A covariant renormalisable method using Feynman integrals is then given. A Â« superconductor Â» solution is found whenever in the normal perturbative-type solution the boson mass squared is negative and the coupling constants satisfy certain inequalities. The symmetry properties of such solutions are examined with the aid of a simple model of self-interacting boson fields. The solutions have lower symmetry than the Lagrangian, and contain mass zero bosons.",
issn="1827-6121",
doi="10.1007/BF02812722",
url="https://doi.org/10.1007/BF02812722"
}

@article{CERNYR4,
      author         = "de Florian, D. and others",
      title          = "{Handbook of LHC Higgs Cross Sections: 4. Deciphering the
                        Nature of the Higgs Sector}",
      collaboration  = "LHC Higgs Cross Section Working Group",
      doi            = "10.23731/CYRM-2017-002",
      year           = "2016",
      eprint         = "1610.07922",
      archivePrefix  = "arXiv",
      primaryClass   = "hep-ph",
      reportNumber   = "FERMILAB-FN-1025-T, CERN-2017-002-M",
      SLACcitation   = "%%CITATION = ARXIV:1610.07922;%%"
}

@article{ATLASHiggsDiscovery,
title = "{Observation of a new particle in the search for the Standard Model Higgs boson with the ATLAS detector at the LHC}",
journal = "Phys. Lett. B",
volume = "716",
number = "1",
pages = "1-29",
year = "2012",
issn = "0370-2693",
url = "https://doi.org/10.1016/j.physletb.2012.08.020",
author = "{\relax ATLAS Collaboration}",
Eprint = {arXiv:1207.7214},
}

@article{CMSHiggsDiscovery,
title = "{Observation of a new boson at a mass of 125 GeV with the CMS experiment at the LHC}",
journal = "Phys. Lett. B",
volume = "716",
number = "1",
pages = "30 - 61",
year = "2012",
issn = "0370-2693",
url = "https://doi.org/10.1016/j.physletb.2012.08.021",
author = "{\relax CMS Collaboration}",
Eprint = {arxiv:1207.7235},
keywords = "CMS, Physics, Higgs",
}

@article{ATLASHiggsVerify,
title = "{Evidence for the spin-0 nature of the Higgs boson using ATLAS data}",
journal = "Phys. Lett. B",
volume = "726",
number = "1",
pages = "120 - 144",
year = "2013",
issn = "0370-2693",
doi = "https://doi.org/10.1016/j.physletb.2013.08.026",
url = "http://www.sciencedirect.com/science/article/pii/S0370269313006527",
author = "{\relax ATLAS Collaboration}",
keywords = "Higgs boson, Spin, Parity"
}

@article{CMSHiggsVerify,
  title = {Study of the Mass and Spin-Parity of the Higgs Boson Candidate via Its Decays to $Z$ Boson Pairs},
  author = "{\relax CMS Collaboration}",
  journal = {Phys. Rev. Lett.},
  volume = {110},
  issue = {8},
  pages = {081803},
  numpages = {15},
  year = {2013},
  month = {Feb},
  publisher = {American Physical Society},
  doi = {10.1103/PhysRevLett.110.081803},
  url = {https://link.aps.org/doi/10.1103/PhysRevLett.110.081803}
}

@Article{HiggsCouplingConstraints,
author="{\relax ATLAS and CMS Collaborations}",
title="{Measurements of the Higgs boson production and decay rates and constraints on its couplings from a combined ATLAS and CMS analysis of the LHC pp collision data at $\sqrt{s} = 7\ \mathrm{and}\ 8$ TeV}",
journal="Journal of High Energy Physics",
year="2016",
month="Aug",
day="05",
volume="2016",
number="8",
pages="45",
issn="1029-8479",
doi="10.1007/JHEP08(2016)045",
url="https://doi.org/10.1007/JHEP08(2016)045"
}
